@inproceedings{soctopus2017,
  author    = {Youyou Lu and
               Jiwu Shu and
               Youmin Chen and
               Tao Li},
  editor    = {Dilma Da Silva and
               Bryan Ford},
  title     = {Octopus: an RDMA-enabled Distributed Persistent Memory File System},
  booktitle = {2017 {USENIX} Annual Technical Conference, {USENIX} {ATC} 2017, Santa
               Clara, CA, USA, July 12-14, 2017},
  pages     = {773--785},
  publisher = {{USENIX} Association},
  year      = {2017},
  url       = {https://www.usenix.org/conference/atc17/technical-sessions/presentation/lu},
  timestamp = {Mon, 16 Jul 2018 15:47:23 +0200},
  biburl    = {https://dblp.org/rec/conf/usenix/LuSCL17.bib},
  bibsource = {dblp computer science bibliography, https://dblp.org}
}

@inproceedings{sorion2019,
  author    = {Jian Yang and
               Joseph Izraelevitz and
               Steven Swanson},
  editor    = {Arif Merchant and
               Hakim Weatherspoon},
  title     = {Orion: {A} Distributed File System for Non-Volatile Main Memory and
               RDMA-Capable Networks},
  booktitle = {17th {USENIX} Conference on File and Storage Technologies, {FAST}
               2019, Boston, MA, February 25-28, 2019},
  pages     = {221--234},
  publisher = {{USENIX} Association},
  year      = {2019},
  url       = {https://www.usenix.org/conference/fast19/presentation/yang},
  timestamp = {Mon, 11 Mar 2019 15:50:28 +0100},
  biburl    = {https://dblp.org/rec/conf/fast/YangIS19.bib},
  bibsource = {dblp computer science bibliography, https://dblp.org}
}

@article{sassise2019,
  author    = {Thomas E. Anderson and
               Marco Canini and
               Jongyul Kim and
               Dejan Kostic and
               Youngjin Kwon and
               Simon Peter and
               Waleed Reda and
               Henry N. Schuh and
               Emmett Witchel},
  title     = {Assise: Performance and Availability via {NVM} Colocation in a Distributed
               File System},
  journal   = {CoRR},
  volume    = {abs/1910.05106},
  year      = {2019},
  url       = {http://arxiv.org/abs/1910.05106},
  archivePrefix = {arXiv},
  eprint    = {1910.05106},
  timestamp = {Wed, 16 Oct 2019 16:25:53 +0200},
  biburl    = {https://dblp.org/rec/journals/corr/abs-1910-05106.bib},
  bibsource = {dblp computer science bibliography, https://dblp.org}
}

@inproceedings{snova2016,
  author    = {Jian Xu and
               Steven Swanson},
  editor    = {Angela Demke Brown and
               Florentina I. Popovici},
  title     = {{NOVA:} {A} Log-structured File System for Hybrid Volatile/Non-volatile
               Main Memories},
  booktitle = {14th {USENIX} Conference on File and Storage Technologies, {FAST}
               2016, Santa Clara, CA, USA, February 22-25, 2016},
  pages     = {323--338},
  publisher = {{USENIX} Association},
  year      = {2016},
  url       = {https://www.usenix.org/conference/fast16/technical-sessions/presentation/xu},
  timestamp = {Thu, 25 Jul 2019 16:33:02 +0200},
  biburl    = {https://dblp.org/rec/conf/fast/XuS16.bib},
  bibsource = {dblp computer science bibliography, https://dblp.org}
}
