@inproceedings{octopus2017,
  author    = {Youyou Lu and
               Jiwu Shu and
               Youmin Chen and
               Tao Li},
  editor    = {Dilma Da Silva and
               Bryan Ford},
  title     = {Octopus: an {RDMA}-enabled Distributed Persistent Memory File System},
  booktitle = {2017 {USENIX} Annual Technical Conference, {USENIX} {ATC} 2017, Santa
               Clara, CA, USA, July 12-14, 2017},
  pages     = {773--785},
  publisher = {{USENIX} Association},
  year      = {2017},
  url       = {https://www.usenix.org/conference/atc17/technical-sessions/presentation/lu},
  timestamp = {Mon, 16 Jul 2018 15:47:23 +0200},
  biburl    = {https://dblp.org/rec/conf/usenix/LuSCL17.bib},
  bibsource = {dblp computer science bibliography, https://dblp.org}
}

@inproceedings{orion2019,
  author    = {Jian Yang and
               Joseph Izraelevitz and
               Steven Swanson},
  editor    = {Arif Merchant and
               Hakim Weatherspoon},
  title     = {Orion: {A} Distributed File System for Non-Volatile Main Memory and
               {RDMA}-Capable Networks},
  booktitle = {17th {USENIX} Conference on File and Storage Technologies, {FAST}
               2019, Boston, MA, February 25-28, 2019},
  pages     = {221--234},
  publisher = {{USENIX} Association},
  year      = {2019},
  url       = {https://www.usenix.org/conference/fast19/presentation/yang},
  timestamp = {Mon, 11 Mar 2019 15:50:28 +0100},
  biburl    = {https://dblp.org/rec/conf/fast/YangIS19.bib},
  bibsource = {dblp computer science bibliography, https://dblp.org}
}

@article{assise2019,
  author    = {Thomas E. Anderson and
               Marco Canini and
               Jongyul Kim and
               Dejan Kostic and
               Youngjin Kwon and
               Simon Peter and
               Waleed Reda and
               Henry N. Schuh and
               Emmett Witchel},
  title     = {Assise: Performance and Availability via {NVM} Colocation in a Distributed
               File System},
  journal   = {CoRR},
  volume    = {abs/1910.05106},
  year      = {2019},
  url       = {http://arxiv.org/abs/1910.05106},
  archivePrefix = {arXiv},
  eprint    = {1910.05106},
  timestamp = {Wed, 16 Oct 2019 16:25:53 +0200},
  biburl    = {https://dblp.org/rec/journals/corr/abs-1910-05106.bib},
  bibsource = {dblp computer science bibliography, https://dblp.org}
}

@inproceedings{nova2016,
  author    = {Jian Xu and
               Steven Swanson},
  editor    = {Angela Demke Brown and
               Florentina I. Popovici},
  title     = {{NOVA:} {A} Log-structured File System for Hybrid Volatile/Non-volatile
               Main Memories},
  booktitle = {14th {USENIX} Conference on File and Storage Technologies, {FAST}
               2016, Santa Clara, CA, USA, February 22-25, 2016},
  pages     = {323--338},
  publisher = {{USENIX} Association},
  year      = {2016},
  url       = {https://www.usenix.org/conference/fast16/technical-sessions/presentation/xu},
  timestamp = {Thu, 25 Jul 2019 16:33:02 +0200},
  biburl    = {https://dblp.org/rec/conf/fast/XuS16.bib},
  bibsource = {dblp computer science bibliography, https://dblp.org}
}

@inproceedings{strata2017,
  author    = {Youngjin Kwon and
               Henrique Fingler and
               Tyler Hunt and
               Simon Peter and
               Emmett Witchel and
               Thomas E. Anderson},
  title     = {Strata: {A} Cross Media File System},
  booktitle = {Proceedings of the 26th Symposium on Operating Systems Principles,
               Shanghai, China, October 28-31, 2017},
  pages     = {460--477},
  publisher = {{ACM}},
  year      = {2017},
  url       = {https://doi.org/10.1145/3132747.3132770},
  doi       = {10.1145/3132747.3132770},
  timestamp = {Tue, 06 Nov 2018 16:59:32 +0100},
  biburl    = {https://dblp.org/rec/conf/sosp/KwonFHPWA17.bib},
  bibsource = {dblp computer science bibliography, https://dblp.org}
}

@inproceedings{novafortis2017,
  author    = {Jian Xu and
               Lu Zhang and
               Amirsaman Memaripour and
               Akshatha Gangadharaiah and
               Amit Borase and
               Tamires Brito Da Silva and
               Steven Swanson and
               Andy Rudoff},
  title     = {{NOVA}-{Fortis}: {A} Fault-Tolerant Non-Volatile Main Memory File System},
  booktitle = {Proceedings of the 26th Symposium on Operating Systems Principles,
               Shanghai, China, October 28-31, 2017},
  pages     = {478--496},
  publisher = {{ACM}},
  year      = {2017},
  url       = {https://doi.org/10.1145/3132747.3132761},
  doi       = {10.1145/3132747.3132761},
  timestamp = {Thu, 25 Jul 2019 16:33:00 +0200},
  biburl    = {https://dblp.org/rec/conf/sosp/XuZMGBSSR17.bib},
  bibsource = {dblp computer science bibliography, https://dblp.org}
}

@inproceedings{falcon2011,
  author    = {Joshua B. Leners and
               Hao Wu and
               Wei{-}Lun Hung and
               Marcos Kawazoe Aguilera and
               Michael Walfish},
  editor    = {Ted Wobber and
               Peter Druschel},
  title     = {Detecting failures in distributed systems with the {Falcon} spy network},
  booktitle = {Proceedings of the 23rd {ACM} Symposium on Operating Systems Principles
               2011, {SOSP} 2011, Cascais, Portugal, October 23-26, 2011},
  pages     = {279--294},
  publisher = {{ACM}},
  year      = {2011},
  url       = {https://doi.org/10.1145/2043556.2043583},
  doi       = {10.1145/2043556.2043583},
  timestamp = {Tue, 06 Nov 2018 16:59:32 +0100},
  biburl    = {https://dblp.org/rec/conf/sosp/LenersWHAW11.bib},
  bibsource = {dblp computer science bibliography, https://dblp.org}
}

@inproceedings{ceph2006,
  author    = {Sage A. Weil and
               Scott A. Brandt and
               Ethan L. Miller and
               Darrell D. E. Long and
               Carlos Maltzahn},
  editor    = {Brian N. Bershad and
               Jeffrey C. Mogul},
  title     = {Ceph: {A} Scalable, High-Performance Distributed File System},
  booktitle = {7th Symposium on Operating Systems Design and Implementation {(OSDI}
               '06), November 6-8, Seattle, WA, {USA}},
  pages     = {307--320},
  publisher = {{USENIX} Association},
  year      = {2006},
  url       = {http://www.usenix.org/events/osdi06/tech/weil.html},
  timestamp = {Wed, 04 Jul 2018 13:06:35 +0200},
  biburl    = {https://dblp.org/rec/conf/osdi/WeilBMLM06.bib},
  bibsource = {dblp computer science bibliography, https://dblp.org}
}

@inproceedings{hadoop2010,
  author    = {Konstantin Shvachko and
               Hairong Kuang and
               Sanjay Radia and
               Robert Chansler},
  editor    = {Mohammed G. Khatib and
               Xubin He and
               Michael Factor},
  title     = {The Hadoop Distributed File System},
  booktitle = {{IEEE} 26th Symposium on Mass Storage Systems and Technologies, {MSST}
               2012, Lake Tahoe, Nevada, USA, May 3-7, 2010},
  pages     = {1--10},
  publisher = {{IEEE} Computer Society},
  year      = {2010},
  url       = {https://doi.org/10.1109/MSST.2010.5496972},
  doi       = {10.1109/MSST.2010.5496972},
  timestamp = {Wed, 16 Oct 2019 14:14:51 +0200},
  biburl    = {https://dblp.org/rec/conf/mss/ShvachkoKRC10.bib},
  bibsource = {dblp computer science bibliography, https://dblp.org}
}

@article{gluster2013,
  title     = {Scale out with GlusterFS},
  author    = {Davies, Alex and Orsaria, Alessandro},
  journal   = {Linux Journal},
  volume    = {2013},
  number    = {235},
  pages     = {1},
  year      = {2013},
  publisher = {Belltown Media}
}

@online{optanessd,
  author    = {Intel},
  title     = {Intel Optane SSD DC D4800X Product Brief},
  urldate   = {2020-03-31},
  url       = {https://www.intel.cn/content/www/cn/zh/products/docs/memory-storage/solid-state-drives/data-center-ssds/optane-ssd-dc-d4800x-series-brief.html},
  year      = {2020}
}

@inproceedings{locofs2017,
  author    = {Siyang Li and
               Youyou Lu and
               Jiwu Shu and
               Yang Hu and
               Tao Li},
  editor    = {Bernd Mohr and
               Padma Raghavan},
  title     = {LocoFS: a loosely-coupled metadata service for distributed file systems},
  booktitle = {Proceedings of the International Conference for High Performance Computing,
               Networking, Storage and Analysis, {SC} 2017, Denver, CO, USA, November
               12 - 17, 2017},
  pages     = {4:1--4:12},
  publisher = {{ACM}},
  year      = {2017},
  url       = {https://doi.org/10.1145/3126908.3126928},
  doi       = {10.1145/3126908.3126928},
  timestamp = {Wed, 25 Sep 2019 18:10:29 +0200},
  biburl    = {https://dblp.org/rec/conf/sc/LiLSHL17.bib},
  bibsource = {dblp computer science bibliography, https://dblp.org}
}

@inproceedings{yangnvm2020,
  author    = {Jian Yang and
               Juno Kim and
               Morteza Hoseinzadeh and
               Joseph Izraelevitz and
               Steven Swanson},
  editor    = {Sam H. Noh and
               Brent Welch},
  title     = {An Empirical Guide to the Behavior and Use of Scalable Persistent
               Memory},
  booktitle = {18th {USENIX} Conference on File and Storage Technologies, {FAST}
               2020, Santa Clara, CA, USA, February 24-27, 2020},
  pages     = {169--182},
  publisher = {{USENIX} Association},
  year      = {2020},
  url       = {https://www.usenix.org/conference/fast20/presentation/yang},
  timestamp = {Wed, 22 Apr 2020 15:51:29 +0200},
  biburl    = {https://dblp.org/rec/conf/fast/YangKHIS20.bib},
  bibsource = {dblp computer science bibliography, https://dblp.org}
}

@inproceedings{infinicache2020,
  author    = {Ao Wang and
               Jingyuan Zhang and
               Xiaolong Ma and
               Ali Anwar and
               Lukas Rupprecht and
               Dimitrios Skourtis and
               Vasily Tarasov and
               Feng Yan and
               Yue Cheng},
  editor    = {Sam H. Noh and
               Brent Welch},
  title     = {InfiniCache: Exploiting Ephemeral Serverless Functions to Build a
               Cost-Effective Memory Cache},
  booktitle = {18th {USENIX} Conference on File and Storage Technologies, {FAST}
               2020, Santa Clara, CA, USA, February 24-27, 2020},
  pages     = {267--281},
  publisher = {{USENIX} Association},
  year      = {2020},
  url       = {https://www.usenix.org/conference/fast20/presentation/wang-ao},
  timestamp = {Wed, 22 Apr 2020 15:51:29 +0200},
  biburl    = {https://dblp.org/rec/conf/fast/WangZMARST0C20.bib},
  bibsource = {dblp computer science bibliography, https://dblp.org}
}

@article{hydra2019,
  author    = {Youngmoon Lee and
               Hassan Al Maruf and
               Mosharaf Chowdhury and
               Kang G. Shin},
  title     = {Mitigating the Performance-Efficiency Tradeoff in Resilient Memory
               Disaggregation},
  journal   = {CoRR},
  volume    = {abs/1910.09727},
  year      = {2019},
  url       = {http://arxiv.org/abs/1910.09727},
  archivePrefix = {arXiv},
  eprint    = {1910.09727},
  timestamp = {Fri, 25 Oct 2019 14:59:26 +0200},
  biburl    = {https://dblp.org/rec/journals/corr/abs-1910-09727.bib},
  bibsource = {dblp computer science bibliography, https://dblp.org}
}

@inproceedings{gogtewear2019,
  author    = {Vaibhav Gogte and
               William Wang and
               Stephan Diestelhorst and
               Aasheesh Kolli and
               Peter M. Chen and
               Satish Narayanasamy and
               Thomas F. Wenisch},
  editor    = {Arif Merchant and
               Hakim Weatherspoon},
  title     = {Software Wear Management for Persistent Memories},
  booktitle = {17th {USENIX} Conference on File and Storage Technologies, {FAST}
               2019, Boston, MA, February 25-28, 2019},
  pages     = {45--63},
  publisher = {{USENIX} Association},
  year      = {2019},
  url       = {https://www.usenix.org/conference/fast19/presentation/gogte},
  timestamp = {Mon, 11 Mar 2019 15:50:28 +0100},
  biburl    = {https://dblp.org/rec/conf/fast/GogteWDKCNW19.bib},
  bibsource = {dblp computer science bibliography, https://dblp.org}
}

@inproceedings{claycode2018,
  author    = {Myna Vajha and
               Vinayak Ramkumar and
               Bhagyashree Puranik and
               Ganesh R. Kini and
               Elita Lobo and
               Birenjith Sasidharan and
               P. Vijay Kumar and
               Alexander Barg and
               Min Ye and
               Srinivasan Narayanamurthy and
               Syed Hussain and
               Siddhartha Nandi},
  editor    = {Nitin Agrawal and
               Raju Rangaswami},
  title     = {Clay Codes: Moulding {MDS} Codes to Yield an {MSR} Code},
  booktitle = {16th {USENIX} Conference on File and Storage Technologies, {FAST}
               2018, Oakland, CA, USA, February 12-15, 2018},
  pages     = {139--154},
  publisher = {{USENIX} Association},
  year      = {2018},
  url       = {https://www.usenix.org/conference/fast18/presentation/vajha},
  timestamp = {Wed, 02 Oct 2019 08:14:09 +0200},
  biburl    = {https://dblp.org/rec/conf/fast/VajhaRPKLSKBYNH18.bib},
  bibsource = {dblp computer science bibliography, https://dblp.org}
}

@article{dimakis2010,
  author    = {Alexandros G. Dimakis and
               Brighten Godfrey and
               Yunnan Wu and
               Martin J. Wainwright and
               Kannan Ramchandran},
  title     = {Network coding for distributed storage systems},
  journal   = {{IEEE} Trans. Inf. Theory},
  volume    = {56},
  number    = {9},
  pages     = {4539--4551},
  year      = {2010},
  url       = {https://doi.org/10.1109/TIT.2010.2054295},
  doi       = {10.1109/TIT.2010.2054295},
  timestamp = {Tue, 10 Mar 2020 10:44:54 +0100},
  biburl    = {https://dblp.org/rec/journals/tit/DimakisGWWR10.bib},
  bibsource = {dblp computer science bibliography, https://dblp.org}
}

@inproceedings{mojim2015,
  author    = {Yiying Zhang and
               Jian Yang and
               Amirsaman Memaripour and
               Steven Swanson},
  editor    = {{\"{O}}zcan {\"{O}}zturk and
               Kemal Ebcioglu and
               Sandhya Dwarkadas},
  title     = {Mojim: A Reliable and Highly-Available Non-Volatile Memory System},
  booktitle = {Proceedings of the Twentieth International Conference on Architectural
               Support for Programming Languages and Operating Systems, {ASPLOS}
               '15, Istanbul, Turkey, March 14-18, 2015},
  pages     = {3--18},
  publisher = {{ACM}},
  year      = {2015},
  url       = {https://doi.org/10.1145/2694344.2694370},
  doi       = {10.1145/2694344.2694370},
  timestamp = {Tue, 06 Nov 2018 11:07:42 +0100},
  biburl    = {https://dblp.org/rec/conf/asplos/ZhangYMS15.bib},
  bibsource = {dblp computer science bibliography, https://dblp.org}
}

@inproceedings{distcache2019,
  author    = {Zaoxing Liu and
               Zhihao Bai and
               Zhenming Liu and
               Xiaozhou Li and
               Changhoon Kim and
               Vladimir Braverman and
               Xin Jin and
               Ion Stoica},
  editor    = {Arif Merchant and
               Hakim Weatherspoon},
  title     = {{DistCache}: Provable Load Balancing for Large-Scale Storage Systems
               with Distributed Caching},
  booktitle = {17th {USENIX} Conference on File and Storage Technologies, {FAST}
               2019, Boston, MA, February 25-28, 2019},
  pages     = {143--157},
  publisher = {{USENIX} Association},
  year      = {2019},
  url       = {https://www.usenix.org/conference/fast19/presentation/liu},
  timestamp = {Mon, 11 Mar 2019 15:50:28 +0100},
  biburl    = {https://dblp.org/rec/conf/fast/LiuBLLKB0S19.bib},
  bibsource = {dblp computer science bibliography, https://dblp.org}
}

@inproceedings{cocytus2016,
  author    = {Heng Zhang and
               Mingkai Dong and
               Haibo Chen},
  editor    = {Angela Demke Brown and
               Florentina I. Popovici},
  title     = {Efficient and Available In-memory {KV}-Store with Hybrid Erasure Coding
               and Replication},
  booktitle = {14th {USENIX} Conference on File and Storage Technologies, {FAST}
               2016, Santa Clara, CA, USA, February 22-25, 2016},
  pages     = {167--180},
  publisher = {{USENIX} Association},
  year      = {2016},
  url       = {https://www.usenix.org/conference/fast16/technical-sessions/presentation/zhang-heng},
  timestamp = {Tue, 01 Mar 2016 15:34:23 +0100},
  biburl    = {https://dblp.org/rec/conf/fast/ZhangDC16.bib},
  bibsource = {dblp computer science bibliography, https://dblp.org}
}

@inproceedings{azure2012,
  author    = {Cheng Huang and
               Huseyin Simitci and
               Yikang Xu and
               Aaron Ogus and
               Brad Calder and
               Parikshit Gopalan and
               Jin Li and
               Sergey Yekhanin},
  editor    = {Gernot Heiser and
               Wilson C. Hsieh},
  title     = {Erasure Coding in {Windows} {Azure} Storage},
  booktitle = {2012 {USENIX} Annual Technical Conference, Boston, MA, USA, June 13-15,
               2012},
  pages     = {15--26},
  publisher = {{USENIX} Association},
  year      = {2012},
  url       = {https://www.usenix.org/conference/atc12/technical-sessions/presentation/huang},
  timestamp = {Wed, 04 Jul 2018 13:06:34 +0200},
  biburl    = {https://dblp.org/rec/conf/usenix/HuangSXOCG0Y12.bib},
  bibsource = {dblp computer science bibliography, https://dblp.org}
}

@inproceedings{facebook2014,
  author    = {Muralidhar Subramanian and
               Wyatt Lloyd and
               Sabyasachi Roy and
               Cory Hill and
               Ernest Lin and
               Weiwen Liu and
               Satadru Pan and
               Shiva Shankar and
               Sivakumar Viswanathan and
               Linpeng Tang and
               Sanjeev Kumar},
  editor    = {Jason Flinn and
               Hank Levy},
  title     = {f4: {Facebook}'s Warm {BLOB} Storage System},
  booktitle = {11th {USENIX} Symposium on Operating Systems Design and Implementation,
               {OSDI} '14, Broomfield, CO, USA, October 6-8, 2014},
  pages     = {383--398},
  publisher = {{USENIX} Association},
  year      = {2014},
  url       = {https://www.usenix.org/conference/osdi14/technical-sessions/presentation/muralidhar},
  timestamp = {Tue, 18 Nov 2014 17:21:14 +0100},
  biburl    = {https://dblp.org/rec/conf/osdi/SubramanianLRHLLPSVTK14.bib},
  bibsource = {dblp computer science bibliography, https://dblp.org}
}

@online{thuthesis,
  author    = {薛瑞尼},
  title     = {ThuThesis: 清华大学学位论文模板},
  urldate   = {2019-04-27},
  url       = {https://github.com/xueruini/thuthesis},
  year      = {2017}
}
